<?xml version="1.0" encoding="UTF-8"?>
<collection xmlns="http://www.loc.gov/MARC21/slim">
    <record>
        <leader>00539nam a2200169ZZ 4500</leader>
        <controlfield tag="001">a229099</controlfield>
        <controlfield tag="008">890418s1911    rur|||||||||||||||||rus||</controlfield>
        <datafield tag="035" ind1=" " ind2=" ">
            <subfield code="a">two digits then a space</subfield>
        </datafield>
        <datafield tag="999" ind1=" " ind2=" ">
            <subfield code="a">70 03126</subfield>
            <subfield code="w">LC</subfield>
            <subfield code="i">36105019767628</subfield>
            <subfield code="l">UNCAT</subfield>
            <subfield code="m">SAL</subfield>
        </datafield>
        <datafield tag="999" ind1=" " ind2=" ">
            <subfield code="a">70 35156</subfield>
            <subfield code="w">LC</subfield>
            <subfield code="i">36105111497041</subfield>
            <subfield code="l">INPROCESS</subfield>
            <subfield code="m">SAL3</subfield>
        </datafield>
        <datafield tag="999" ind1=" " ind2=" ">
            <subfield code="a">70 45997</subfield>
            <subfield code="w">LC</subfield>
            <subfield code="i">4340815-1001</subfield>
            <subfield code="l">STACKS</subfield>
            <subfield code="m">SAL</subfield>
        </datafield>
        <datafield tag="999" ind1=" " ind2=" ">
            <subfield code="a">71 15446 V.1</subfield>
            <subfield code="w">ALPHANUM</subfield>
            <subfield code="i">36105116233839</subfield>
            <subfield code="l">RBC-30</subfield>
            <subfield code="m">SPEC-COLL</subfield>
        </datafield>
        <datafield tag="999" ind1=" " ind2=" ">
            <subfield code="a">95 05041</subfield>
            <subfield code="w">LC</subfield>
            <subfield code="i">36105017047916</subfield>
            <subfield code="l">STACKS</subfield>
            <subfield code="m">GREEN</subfield>
        </datafield>
    </record>
    <!-- "1" -->
    <record>
        <leader>06687cas a22007693  4500</leader>
        <controlfield tag="001">a404891</controlfield>
        <controlfield tag="008">790220c19639999cauuu         0   a0eng d</controlfield>    
        <datafield tag="245" ind1=" " ind2=" ">
            <subfield code="a">shelbytitle weirdness</subfield>
        </datafield>
        <datafield tag="999" ind1=" " ind2=" ">
            <subfield code="a"> 1976</subfield>
            <subfield code="w">LCPER</subfield>
            <subfield code="i">36105010008972</subfield>
            <subfield code="l">SHELBYTITL</subfield>
            <subfield code="m">HOPKINS</subfield>
        </datafield>
    </record>