
    <!-- callnum_top_facet is 0 -->
    <record xmlns="http://www.loc.gov/MARC21/slim">
        <leader>01193nam a22003258a 4500</leader>
        <controlfield tag="001">a3315407</controlfield>
        <controlfield tag='008'>960517s1996    cau           000 1 eng  </controlfield>
        <datafield tag="245" ind1=" " ind2=" ">
            <subfield code="a">in process "LC" callnums start 00</subfield>
        </datafield>
        <datafield tag="999" ind1=" " ind2=" ">
            <subfield code="a">001AQJ5818</subfield>
            <subfield code="w">LC</subfield>
            <subfield code="i">002AQJ5818</subfield>
            <subfield code="k">INPROCESS</subfield>
            <subfield code="l">RARE-BOOKS</subfield>
            <subfield code="m">SPEC-COLL</subfield>
        </datafield>
    </record>