
    <record>
        <leader>00619cam a2200181 i 4500</leader>
        <controlfield tag="001">a3495032</controlfield>
        <controlfield tag="008">780809s1976    nyu           000 0 eng  </controlfield>
        <datafield tag="245" ind1=" " ind2=" ">
            <subfield code="a">rare books in process</subfield>
        </datafield>
        <datafield tag="999" ind1=" " ind2=" ">
            <subfield code="a">741.5 F</subfield>
            <subfield code="w">LC</subfield>
            <subfield code="i">3495032-1001</subfield>
            <subfield code="k">INPROCESS</subfield>
            <subfield code="l">RARE-BOOKS</subfield>
            <subfield code="m">SPEC-COLL</subfield>
        </datafield>
    </record>