
    <!-- call num top facet is "3" -->
    <record>
        <leader>03916cas a2200565   4500</leader>
        <controlfield tag="001">a4208298</controlfield>
        <controlfield tag="008">870204c19609999ch ar        f0   e0chird</controlfield>
        <datafield tag="245" ind1=" " ind2=" ">
            <subfield code="a">weird east asia</subfield>
        </datafield>
        <datafield tag="999" ind1=" " ind2=" ">
            <subfield code="a">4488.301 0300 1999</subfield>
            <subfield code="w">ALPHANUM</subfield>
            <subfield code="i">36105125083373</subfield>
            <subfield code="l">EALSAL-CHN</subfield>
            <subfield code="m">EAST-ASIA</subfield>
        </datafield>
        <datafield tag="999" ind1=" " ind2=" ">
            <subfield code="a">4030.1 2013 NO.1-9 1958:JAN.-SEPT.</subfield>
            <subfield code="w">ALPHANUM</subfield>
            <subfield code="i">36105094428732</subfield>
            <subfield code="l">EALSAL-CHN</subfield>
            <subfield code="m">EAST-ASIA</subfield>
        </datafield>
        <datafield tag="999" ind1=" " ind2=" ">
            <subfield code="a">4030.1 2012</subfield>
            <subfield code="w">LC</subfield>
            <subfield code="i">6542165-2001</subfield>
            <subfield code="l">CHINESE</subfield>
            <subfield code="m">EAST-ASIA</subfield>
        </datafield>     
        <datafield tag="999" ind1=" " ind2=" ">
            <subfield code="a">9698.3 4275.25 F V.4</subfield>
            <subfield code="w">LC</subfield>
            <subfield code="i">36105119175219</subfield>
            <subfield code="l">LOCKED-STK</subfield>
            <subfield code="m">EAST-ASIA</subfield>
        </datafield>
        <datafield tag="999" ind1=" " ind2=" ">
            <subfield code="a">9701 6587.30 NO.3-6 1959:MAR.-JUNE</subfield>
            <subfield code="w">ALPHANUM</subfield>
            <subfield code="i">36105094457897</subfield>
            <subfield code="l">EALSAL-CHN</subfield>
            <subfield code="m">EAST-ASIA</subfield>
        </datafield>
        <datafield tag="999" ind1=" " ind2=" ">
            <subfield code="a">9701 6587.30</subfield>
            <subfield code="w">LCPER</subfield>
            <subfield code="i">6711474-2001</subfield>
            <subfield code="l">CHINESE</subfield>
            <subfield code="m">EAST-ASIA</subfield>
        </datafield>    
    </record>