
    <!-- "1" -->
    <record xmlns="http://www.loc.gov/MARC21/slim">
        <leader>02496cam a2200337 a 4500</leader>
        <controlfield tag="001">a4759923</controlfield>
        <controlfield tag="008">010112s2000    nyu      bt   000 0 eng d</controlfield>
        <datafield tag="245" ind1="1" ind2="0">
            <subfield code="a">cs tech reports ...  callnum_top_facet should not be "1"</subfield>
        </datafield>
        <datafield tag="999" ind1=" " ind2=" ">
            <subfield code="a">134776</subfield>
            <subfield code="w">LC</subfield>
            <subfield code="i">36105111124884</subfield>
            <subfield code="l">TECH-RPTS</subfield>
            <subfield code="m">MATH-CS</subfield>
        </datafield>
        <datafield tag="999" ind1=" " ind2=" ">
            <subfield code="a">262198</subfield>
            <subfield code="w">LC</subfield>
            <subfield code="i">36105018875349</subfield>
            <subfield code="l">TECH-RPTS</subfield>
            <subfield code="m">MATH-CS</subfield>
        </datafield>        
        <datafield tag="999" ind1=" " ind2=" ">
            <subfield code="a">INTERNET RESOURCE</subfield>
            <subfield code="w">ASIS</subfield>
            <subfield code="i">4759923-3001</subfield>
            <subfield code="l">INTERNET</subfield>
            <subfield code="m">SUL</subfield>
        </datafield>
    </record>