
    <!-- "1" -->
    <record xmlns="http://www.loc.gov/MARC21/slim">
        <leader>01154ctm a2200277 a 4500</leader>
        <controlfield tag="001">a4779032</controlfield>
        <controlfield tag="008">010523s2000    xx       bm   000 0 eng d</controlfield>
        <datafield tag="245" ind1=" " ind2=" ">
            <subfield code="a">not sure what this is???</subfield>
        </datafield>
        <datafield tag="999" ind1=" " ind2=" ">
            <subfield code="a">158613F868 .C45 N37 2000</subfield>
            <subfield code="w">LC</subfield>
            <subfield code="i">36105111605296</subfield>
            <subfield code="l">STACKS</subfield>
            <subfield code="m">GREEN</subfield>
        </datafield>
        <datafield tag="999" ind1=" " ind2=" ">
            <subfield code="a">5115126059 A17 2004</subfield>
            <subfield code="w">LC</subfield>
            <subfield code="i">36105115143799</subfield>
            <subfield code="l">STACKS</subfield>
            <subfield code="m">GREEN</subfield>
        </datafield>    
    </record>