
    <!-- "1" -->
    <record xmlns="http://www.loc.gov/MARC21/slim">
        <leader>27095cam a22021011a 4500</leader>
        <controlfield tag="001">a6276339</controlfield>
        <controlfield tag="008">050221m19301937ja a          000 0 jpn d</controlfield>
        <datafield tag="245" ind1=" " ind2=" ">
            <subfield code="a">dewey labelled as LC. Not give "1" in any case ...</subfield>
        </datafield>
        <datafield tag="999" ind1=" " ind2=" ">
            <subfield code="a">180.8 D25 V.2</subfield>
            <subfield code="w">DEWEY</subfield>
            <subfield code="i">36105124340923</subfield>
            <subfield code="l">SCBS</subfield>
            <subfield code="m">EAST-ASIA</subfield>
        </datafield>
        <!-- it has LC scheme shown, but it's clearly dewey ... -->
        <datafield tag="999" ind1=" " ind2=" ">
            <subfield code="a">180.8 D25 V.1</subfield>
            <subfield code="w">LC</subfield>
            <subfield code="i">36105124348330</subfield>
            <subfield code="l">SCBS</subfield>
            <subfield code="m">EAST-ASIA</subfield>
        </datafield>
        <datafield tag="999" ind1=" " ind2=" ">
            <subfield code="a">219.7 KA193L V.5</subfield>
            <subfield code="w">LC</subfield>
            <subfield code="i">36105211664474</subfield>
            <subfield code="l">JAPANESE</subfield>
            <subfield code="m">EAST-ASIA</subfield>
        </datafield>
    </record>