
    <record>
        <leader>01357ckm a2200313Li 4500</leader>
        <controlfield tag="001">a7672538</controlfield>
        <controlfield tag="008">050831s1940    gw nnn            k|ger d</controlfield>
        <datafield tag="245" ind1=" " ind2=" ">
            <subfield code="a">lane LL barcodes</subfield>
        </datafield>
        <datafield tag="999" ind1=" " ind2=" ">
            <subfield code="a">4.15[C]</subfield>
            <subfield code="w">LC</subfield>
            <subfield code="i">LL220624</subfield>
            <subfield code="l">ASK@LANE</subfield>
            <subfield code="m">LANE-MED</subfield>
        </datafield>
        <datafield tag="999" ind1=" " ind2=" ">
            <subfield code="a">6.4C-CZ[BC]</subfield>
            <subfield code="w">LC</subfield>
            <subfield code="c">1</subfield>
            <subfield code="l">ASK@LANE</subfield>
            <subfield code="m">LANE-MED</subfield>
        </datafield>
        <datafield tag="999" ind1=" " ind2=" ">
            <subfield code="a">8.99</subfield>
            <subfield code="w">LC</subfield>
            <subfield code="i">LL229390</subfield>
            <subfield code="l">ASK@LANE</subfield>
            <subfield code="m">LANE-MED</subfield>
        </datafield>
    </record>