
    <!-- back tick call number -->    
    <record>
        <leader>01126cam a22002774a 4500</leader>
        <controlfield tag="001">a7859555</controlfield>
        <controlfield tag="008">090305s1840    enk           000 0 heb d</controlfield>
        <datafield tag="245" ind1=" " ind2=" ">
            <subfield code="a">back tick call number</subfield>
        </datafield>
        <datafield tag="999" ind1=" " ind2=" ">
            <subfield code="a">̀PE1130 .H5 H64 1840 HELEK 1</subfield>
            <subfield code="w">LC</subfield>
            <subfield code="i">7859555-1001</subfield>
            <subfield code="l">RARE-BOOKS</subfield>
            <subfield code="m">SPEC-COLL</subfield>
        </datafield>
    </record>
    <record>
        <leader>01559cam a2200397Ma 4500</leader>
        <controlfield tag="001">a7926635</controlfield>
        <controlfield tag="008">051206s2001    ja            010 0 jpn d</controlfield>
        <datafield tag="040" ind1=" " ind2=" ">
            <subfield code="a">japanese in process</subfield>
        </datafield>
        <datafield tag="999" ind1=" " ind2=" ">
            <subfield code="a">7926635</subfield>
            <subfield code="w">LC</subfield>
            <subfield code="i">36105211925107</subfield>
            <subfield code="k">INPROCESS</subfield>
            <subfield code="l">JAPANESE</subfield>
            <subfield code="m">EAST-ASIA</subfield>
        </datafield>
        <datafield tag="999" ind1=" " ind2=" ">
            <subfield code="a">7885324-1001-2</subfield>
            <subfield code="w">LC</subfield>
            <subfield code="i">7885324-2001</subfield>
            <subfield code="k">INPROCESS</subfield>
            <subfield code="l">JAPANESE</subfield>
            <subfield code="m">EAST-ASIA</subfield>
        </datafield>
        <datafield tag="999" ind1=" " ind2=" ">
            <subfield code="a">7890569-1001</subfield>
            <subfield code="w">LC</subfield>
            <subfield code="i">7890569-1001</subfield>
            <subfield code="k">INPROCESS</subfield>
            <subfield code="l">JAPANESE</subfield>
            <subfield code="m">EAST-ASIA</subfield>
        </datafield>
    </record>