       
    <record>
        <leader>01097nem a22002657a 4500</leader>
        <controlfield tag="001">a8215917</controlfield>
        <controlfield tag="008">090804s1965    caug      a     1   eng d</controlfield>
        <datafield tag="245" ind1="1" ind2=" ">
            <subfield code="a">weird map callnum</subfield>
        </datafield>
        <datafield tag="999" ind1=" " ind2=" ">
            <subfield code="a">4362 .S12P2 1965 .C3</subfield>
            <subfield code="w">LC</subfield>
            <subfield code="i">36105131173267</subfield>
            <subfield code="l">MAP-CASES</subfield>
            <subfield code="m">EARTH-SCI</subfield>
        </datafield>
    </record>