
<!-- letter O -->    
    <record>
        <leader>00449cam a22001695i 4500</leader>
        <controlfield tag="001">aletterO</controlfield>
        <controlfield tag="008">090917 2009    xx                  eng  </controlfield>
        <datafield tag="245" ind1=" " ind2=" ">
            <subfield code="a">call number starting with letter O</subfield>
        </datafield>        
        <datafield tag="999" ind1=" " ind2=" ">
            <subfield code="a">OYER</subfield>
            <subfield code="w">LC</subfield>
            <subfield code="i">JJ183012</subfield>
            <subfield code="l">ASK@GSB</subfield>
            <subfield code="m">JACKSON</subfield>
        </datafield>
        <datafield tag="999" ind1=" " ind2=" ">
            <subfield code="a">O'REILLY</subfield>
            <subfield code="w">LC</subfield>
            <subfield code="i">JJ175237</subfield>
            <subfield code="l">ASK@GSB</subfield>
            <subfield code="m">JACKSON</subfield>
        </datafield>
        <datafield tag="999" ind1=" " ind2=" ">
            <subfield code="a">ONLINE RESOURCE</subfield>
            <subfield code="w">LC</subfield>
            <subfield code="i">JJ183188</subfield>
            <subfield code="l">ASK@GSB</subfield>
            <subfield code="m">JACKSON</subfield>
        </datafield>
        <datafield tag="999" ind1=" " ind2=" ">
            <subfield code="a">ORNL-6371</subfield>
            <subfield code="w">LC</subfield>
            <subfield code="i">36105114013282</subfield>
            <subfield code="l">STACKS</subfield>
            <subfield code="m">EARTH-SCI</subfield>
        </datafield>
    </record>