
<!-- W -->
    <record>
        <leader>00457cam a22001695i 4500</leader>
        <controlfield tag="001">aletterW</controlfield>
        <controlfield tag="008">090330 2009    xx                  eng  </controlfield>
        <datafield tag="245" ind1=" " ind2=" ">
            <subfield code="a">letter W</subfield>
        </datafield>
        <datafield tag="999" ind1=" " ind2=" ">
            <subfield code="a">WILLIAMS</subfield>
            <subfield code="w">LC</subfield>
            <subfield code="i">JJ182091</subfield>
            <subfield code="l">ASK@GSB</subfield>
            <subfield code="m">JACKSON</subfield>
        </datafield>
        <datafield tag="999" ind1=" " ind2=" ">
            <subfield code="a">WHEELER/HARTMANN/NARAYANAN</subfield>
            <subfield code="w">LC</subfield>
            <subfield code="i">JJ175811</subfield>
            <subfield code="l">ASK@GSB</subfield>
            <subfield code="m">JACKSON</subfield>
        </datafield>
    </record>