
<!-- X -->
    <record>
        <leader>01018cam a22003017a 4500</leader>
        <controlfield tag="001">aletterX</controlfield>
        <controlfield tag="008">070130s2006    ja |||||||||||||| ||jpn d</controlfield>
        <datafield tag="245" ind1=" " ind2=" ">
            <subfield code="a">X call numbers</subfield>
        </datafield>
        <datafield tag="999" ind1=" " ind2=" ">
            <subfield code="a">X X</subfield>
            <subfield code="w">LC</subfield>
            <subfield code="i">6788077-1001</subfield>
            <subfield code="l">JAPANESE</subfield>
            <subfield code="m">EAST-ASIA</subfield>
        </datafield>
        <datafield tag="999" ind1=" " ind2=" ">
            <subfield code="a">X XXCIN=MXI; OID=MXI</subfield>
            <subfield code="w">LC</subfield>
            <subfield code="i">36105095767443</subfield>
            <subfield code="l">JAPANESE</subfield>
            <subfield code="m">EAST-ASIA</subfield>
        </datafield>
        <datafield tag="999" ind1=" " ind2=" ">
            <subfield code="a">XV 852</subfield>
            <subfield code="w">LC</subfield>
            <subfield code="i">36105062129460</subfield>
            <subfield code="k">CHECKEDOUT</subfield>
            <subfield code="l">OPEN-RES</subfield>
            <subfield code="m">LAW</subfield>
        </datafield>
        <datafield tag="999" ind1=" " ind2=" ">
            <subfield code="a">X(4775659.1)</subfield>
            <subfield code="w">LC</subfield>
            <subfield code="i">36105111585654</subfield>
            <subfield code="l">STACKS</subfield>
            <subfield code="m">GREEN</subfield>
        </datafield>
        <datafield tag="999" ind1=" " ind2=" ">
            <subfield code="a">X897 .C87 Z55 2001</subfield>
            <subfield code="w">LC</subfield>
            <subfield code="i">36105025784799</subfield>
            <subfield code="l">STACKS</subfield>
            <subfield code="m">GREEN</subfield>
        </datafield>
        <datafield tag="999" ind1=" " ind2=" ">
            <subfield code="a">XM98-1 NO.3</subfield>
            <subfield code="w">LC</subfield>
            <subfield code="i">36105023263143</subfield>
            <subfield code="l">MAP-CASES</subfield>
            <subfield code="m">EARTH-SCI</subfield>
        </datafield>
        <datafield tag="999" ind1=" " ind2=" ">
            <subfield code="a">X</subfield>
            <subfield code="w">LC</subfield>
            <subfield code="i">6743881-1001</subfield>
            <subfield code="l">CHINESE</subfield>
            <subfield code="m">EAST-ASIA</subfield>
        </datafield>
    </record>
<!-- Y -->
    <record>
        <leader>00455cam a22001695i 4500</leader>
        <controlfield tag="001">aletterY</controlfield>
        <controlfield tag="008">090106 2009    xx                  eng  </controlfield>
        <datafield tag="035" ind1=" " ind2=" ">
            <subfield code="a">Y call numbers</subfield>
        </datafield>
        <datafield tag="999" ind1=" " ind2=" ">
            <subfield code="a">YILMAZ</subfield>
            <subfield code="w">LC</subfield>
            <subfield code="i">JJ181738</subfield>
            <subfield code="l">ASK@GSB</subfield>
            <subfield code="m">JACKSON</subfield>
        </datafield>
        <datafield tag="999" ind1=" " ind2=" ">
            <subfield code="a">YBP1834690</subfield>
            <subfield code="w">LC</subfield>
            <subfield code="i">4761801-4001</subfield>
            <subfield code="k">INPROCESS</subfield>
            <subfield code="l">RARE-BOOKS</subfield>
            <subfield code="m">SPEC-COLL</subfield>
        </datafield>
        <datafield tag="999" ind1=" " ind2=" ">
            <subfield code="a">Y210 .A3F6 1973</subfield>
            <subfield code="w">LC</subfield>
            <subfield code="i">LL41857</subfield>
            <subfield code="l">ASK@LANE</subfield>
            <subfield code="m">LANE-MED</subfield>
        </datafield>
        <datafield tag="999" ind1=" " ind2=" ">
            <subfield code="a">YUGOSLAV SERIAL 1973 NO.1-6</subfield>
            <subfield code="w">ALPHANUM</subfield>
            <subfield code="i">36105071356997</subfield>
            <subfield code="l">STACKS</subfield>
            <subfield code="m">HOOVER</subfield>
        </datafield>
    </record>